2416 3990
127 261 156 308 88
215 290 218 294 Δ
544 251 684 304 uiuunt

126 380 183 440 dra
202 378 292 458 place
314 381 392 443 dans
413 379 458 441 les
479 376 662 441 collections
683 377 875 459 oanouiques
887 377 914 454 1;
931 395 995 440 une
1011 377 1099 441 belle

124 503 349 576 acclamation,
374 500 537 582 frequente
562 502 640 562 dans
667 502 713 563 les
740 500 881 582 liturgias
908 501 1095 579 orientales,

125 627 256 704 Christe,
271 643 338 708 sper
349 623 610 706 despectorum&
624 631 671 688 est
682 625 874 705 prouoncle,
891 643 930 689 en
945 629 1017 704 303,
1035 643 1097 705 par

123 751 206 813 saint
219 748 382 812 Theodoto
393 748 422 811 le
433 750 550 831 Martyr
558 748 581 812 ³.

162 875 224 936 Des
248 878 411 953 emprunts
432 891 492 935 aux
514 872 634 953 prienes
658 873 697 934 de
723 861 848 952 l’llglise
874 872 1095 953 apparaissent

121 997 193 1077 plus
203 1002 335 1061 souveut
349 1014 463 1061 encore
478 1015 532 1059 sur
545 996 590 1058 les
603 1000 805 1060 monuments
815 998 855 1060 de
867 996 1090 1078 l’epigrapbie.

160 1122 219 1184 bes
245 1120 397 1185 formulas
421 1122 477 1184 des
503 1120 611 1183 offices
637 1118 728 1182 latins
753 1118 871 1182 relatils
894 1121 913 1182 a
936 1121 992 1183 des
1019 1120 1094 1183 reli·

121 1245 244 1329 gieuses
269 1246 444 1328 rappcllent
466 1245 700 1326 trequemment
726 1245 757 1307 la
780 1244 930 1324 parabole
956 1247 1013 1308 des
1035 1247 1090 1308 dix

121 1370 282 1453 Vierges⁴;
295 1390 374 1435 nous
384 1375 531 1435 trouvons
541 1370 571 1432 la
580 1373 685 1434 meme
696 1367 830 1432 allusion
841 1386 894 1432 sur
904 1386 967 1433 une
976 1370 1089 1433 tombe

153 1561 162 1596 ¹
178 1557 303 1619 Muratori,
318 1558 417 1622 lituro.
431 1571 505 1618 rom,
519 1561 538 1606 t.
553 1556 573 1617 1,
588 1569 613 1620 p.
628 1556 681 1618 949,
697 1557 742 1606 959
757 1555 873 1619 (Sacram.
888 1555 978 1621 Gelas).
994 1573 1009 1605 ιι
1026 1558 1086 1608 Sus·

120 1655 135 1687 «
148 1639 209 1703 cipe,
224 1638 335 1699 Domine,
349 1637 454 1686 animam
468 1636 577 1686 servitui
580 1671 628 1685 .....
643 1636 671 1684 ln
683 1635 775 1684 sinibus
788 1635 976 1700 patriarcharum
990 1642 1086 1688 nostro·

121 1735 134 1766 ιι
149 1733 210 1779 rum,
226 1717 251 1766 id
264 1723 301 1768 est
314 1716 443 1778 Abraham,
460 1717 524 1766 isaac
538 1723 562 1766 et
574 1715 656 1777 Jacob,
673 1714 788 1766 collocare
800 1715 915 1778 digneris,
930 1721 977 1766 etc.
992 1733 1006 1764 ιι

148 1801 160 1834 ¹
182 1797 261 1853 Ἐλπὶς
272 1796 319 1844 τῶν
332 1795 521 1860 ἀπελπισμένων.
536 1794 617 1860 (Goar,
632 1794 821 1860 Eucholoqt'ttm,
832 1808 857 1859 p.
869 1797 914 1846 tta
923 1801 949 1845 et
961 1797 1021 1857 5953
1034 1796 1086 1846 lte-

118 1877 215 1938 naudot,
234 1877 334 1941 Liturq.
353 1877 454 1938 orient,
469 1882 488 1925 t.
503 1876 522 1937 l,
537 1892 562 1941 p.
579 1877 631 1936 147,
646 1881 707 1938 etc.;
722 1875 828 1936 Bunsen,
843 1875 1000 1941 Hippolytus,
1016 1881 1034 1925 t.
1050 1876 1084 1936 Il,

117 1972 142 2022 p.
158 1956 222 2021 423.)
314 2018 316 2023 Ι
1030 1968 1032 1972 ”

148 2038 160 2074 ⁸
175 2036 238 2088 Acta
246 2036 353 2099 sincera,
364 2049 389 2100 p.
404 2037 449 2085 343
461 2041 485 2084 et
494 2036 548 2085 349.
559 2032 712 2099 Rapprocber
725 2047 811 2084 encore
824 2032 866 2084 des
878 2032 989 2096 liturgias
999 2033 1083 2099 (Goar,

115 2115 233 2180 bertot,
246 2130 271 2179 p.
286 2117 341 2177 525,
356 2121 414 2177 etc.;
429 2112 527 2174 Mutat,
545 2114 593 2163 Lit.
608 2127 683 2174 rom,
703 2112 722 2174 l,
741 2113 794 2175 454,
813 2112 868 2175 741,
887 2114 941 2174 752,
956 2115 1012 2176 753,
1027 2115 1082 2176 754,

115 2197 148 2257 ll,
167 2198 221 2257 220,
240 2198 295 2256 221,
314 2196 368 2256 600,
389 2193 446 2257 cte.)
466 2199 529 2243 cette
548 2193 625 2256 priora
642 2192 671 2241 de
688 2191 751 2241 saint
767 2191 834 2243 tuter
849 2206 856 2241 a
873 2208 886 2240 ιι
903 2192 1008 2243 Domine
1024 2193 1084 2244 Jcsu

7 2272 11 2281 '
116 2291 131 2324 ιι
144 2275 249 2338 Christe,
261 2280 288 2323 tu
300 2289 355 2324 cum
366 2273 454 2323 sanctis
462 2272 511 2322 tuis
520 2287 602 2323 meum
613 2271 728 2322 collocare
741 2271 840 2334 dignare
853 2272 972 2338 spiritum.
983 2289 998 2320 ιι
1010 2272 1083 2338 (Acta

115 2356 221 2418 atbcero,
236 2370 262 2420 p.
277 2353 343 2418 550.)

144 2435 268 2497 luunt,
283 2435 334 2486 lit.
349 2448 424 2496 rom„
439 2438 458 2484 t.
473 2435 492 2495 l,
510 2447 535 2497 p.
549 2435 605 2483 639.
619 2434 726 2483 Sacram.
742 2430 823 2483 Golas.
838 2433 981 2483 «Transeat
994 2432 1020 2482 in
1033 2446 1082 2482 nu·

114 2533 129 2566 ιι
142 2530 236 2566 merum
248 2514 394 2580 sapientium
407 2512 540 2579 puellarum
549 2519 576 2562 ut
586 2512 705 2562 coelestem
716 2513 836 2577 Sponsum
844 2512 950 2562 accensis
960 2511 1080 2577 lampadi·

115 2595 187 2645 ubus
205 2609 260 2645 cum
279 2593 331 2645 oleo
349 2593 525 2658 properationis
542 2598 674 2656 exspectet;
690 2609 704 2639 ιι
719 2607 744 2657 p.
758 2594 804 2642 632
819 2606 825 2641 :
842 2608 856 2639 ι(
868 2592 902 2642 Ut
918 2591 964 2641 tibi
977 2591 1082 2641 Domino

115 2690 129 2721 ιι
142 2688 170 2723 ac
184 2675 275 2738 Sponso
289 2688 330 2723 suc
343 2673 456 2734 venienti,
472 2687 527 2722 cum
541 2671 650 2735 lampade
663 2687 707 2720 sua
720 2669 1026 2734 inextinguibiliplaoitura
1038 2684 1081 2721 oo·

114 2769 128 2800 u
141 2767 235 2803 currere
247 2759 379 2816 mereatur;
394 2770 407 2800 ιι
418 2768 448 2818 p.
463 2754 507 2802 634
520 2767 526 2801 :
538 2768 552 2799 ιι
561 2753 595 2803 Ut
609 2752 633 2799 in
646 2765 773 2800 numerum
787 2765 841 2800 eam
855 2756 990 2800 sanctarum
1003 2749 1080 2812 virgi-

113 2848 128 2880 «
140 2845 198 2881 num
216 2832 317 2881 transire
337 2831 472 2897 precipias,
491 2838 518 2881 ut
535 2831 580 2880 tibi
598 2833 690 2894 Sponso
707 2829 813 2880 venienti
831 2844 888 2879 cum
909 2828 1019 2893 lampade
1036 2843 1081 2879 sua

113 2929 128 2960 ιι
141 2911 317 2974 inextinguibili
338 2912 413 2978 possit
430 2926 564 2975 occurrere;
583 2927 597 2959 ι
616 2917 635 2961 t.
654 2910 684 2974 ll,
705 2926 729 2976 p.
750 2913 803 2973 377,
825 2911 932 2961 Sacram.
953 2912 1078 2972 Gregor.:

113 3007 127 3039 ιι
141 2992 264 3051 Quatenus
276 2992 392 3042 uirtutum
406 2991 456 3042 oleo
470 2992 503 3041 ita
516 2997 640 3056 pectorum
652 2997 785 3041 vestrorum
798 2989 920 3054 lampades
935 2989 1026 3054 possint
1039 3005 1078 3039 re-

112 3088 127 3119 «
139 3071 207 3134 pleri,
222 3077 249 3121 ut
262 3086 317 3121 cum
330 3073 364 3121 eis
377 3071 479 3122 colestia
492 3071 579 3135 Sponsi
593 3070 724 3121 thalamum
733 3070 832 3121 valeatis
842 3069 936 3132 ingredi
941 3085 949 3133 3
961 3087 975 3117 ιι
986 3085 1011 3134 p.
1021 3072 1076 3133 675,

110 3149 207 3201 blissale
220 3153 332 3202 Francor.
348 3170 354 3202 ι
371 3168 385 3200 ιι
398 3153 531 3202 Transeunt
548 3151 573 3200 in
591 3165 717 3201 numemm
736 3151 880 3215 sapientium
893 3149 1034 3216 puellarum,
1051 3156 1079 3202 ut

111 3244 125 3276 ιι
139 3228 257 3279 coelestem
267 3231 387 3295 Sponsum
396 3229 501 3279 accensis
508 3229 659 3293 lampadibus
668 3245 722 3279 cum
733 3229 783 3280 oleo
792 3229 968 3293 properationis
982 3245 1079 3294 exspec-

111 3326 125 3357 «
138 3315 202 3372 tent3
218 3325 261 3359 nec
275 3310 376 3360 turbatae
390 3310 512 3374 improvisi
524 3312 599 3372 Regis
612 3311 721 3372 adventu,
737 3316 853 3360 secutura
867 3325 922 3359 cum
935 3309 1034 3372 lumine,
1049 3316 1078 3360 ut

110 3406 125 3437 ιι
138 3390 324 3454 precedentium
338 3391 408 3440 choro
419 3392 560 3454 jungantur,
576 3397 713 3454 occurrant3
728 3406 772 3440 nee
785 3390 940 3440 excludantur
953 3405 1008 3440 cum
1018 3390 1077 3441 stul·

110 3469 181 3532 ‹rtis3
197 3486 211 3516 ιι
227 3485 252 3533 p.
265 3472 320 3531 955,
336 3471 444 3521 Sacram.
460 3469 544 3520 Gallie.
560 3484 568 3520 t
584 3486 597 3518 ιι
611 3470 717 3532 Dignare
731 3469 812 3531 etiam,
826 3469 936 3532 Domine,
951 3468 1076 3535 lampadas

110 3565 125 3597 ιι
137 3564 218 3600 earum
230 3548 421 3612 inextinguibiles
433 3565 526 3600 serrare
536 3565 612 3614 usque
622 3551 646 3598 in
655 3551 738 3614 finem,
750 3555 777 3599 ut
786 3553 879 3614 Sponso
889 3549 1000 3600 veniente
1009 3548 1075 3602 laetae

110 3645 124 3677 ιι
137 3643 261 3683 occurrero
274 3630 365 3696 possint
378 3636 451 3696 etque
465 3644 539 3693 regna
553 3629 657 3682 colestia
670 3630 767 3682 intrare.
781 3646 795 3680 ιι
813 3629 855 3694 (Cl
876 3645 901 3695 p.
915 3629 982 3693 993.)
1009 3652 1012 3657 ·
