2416 3990
115 284 131 330 6
533 274 671 327 nanum
732 327 734 332 .

115 415 203 475 rotro
226 410 304 473 Pere
321 408 376 490 qui
389 406 511 490 partera
522 427 561 472 en
574 427 651 473 vous
663 408 683 474 ¹.
696 433 710 470 x
729 411 771 473 Le
792 408 886 476 fidele
905 413 1026 477 dehout
1042 431 1081 476 en

113 536 183 599 face
208 535 252 597 du
267 534 343 617 juge
365 533 575 615 n’appartient
595 534 665 616 plus
683 537 702 598 a
721 553 756 599 ce
775 538 902 600 monde.
923 538 1021 609 Ou’on
1037 536 1082 598 lui

115 658 272 723 demando
287 659 342 740 qui
358 663 406 721 est
417 676 475 721 son
490 660 566 737 pere
578 654 718 737 charnel,
732 662 838 740 quelle
854 666 902 724 est
921 680 956 724 sa
969 660 1080 742 patrie,

114 802 147 846 sa
161 781 353 862 profession,
378 799 411 845 sa
433 781 597 846 condition
621 782 778 862 diei-has,
796 805 839 848 un
853 779 920 848 seul
933 791 1002 848 mot
1016 782 1083 846 doit

114 906 306 988 repondrea
321 912 415 994 tout:
435 908 494 972 oie
510 909 575 971 suis
587 891 740 973 chrdtien.
756 931 770 969 x

159 1047 175 1092 u
188 1032 286 1096 ns-tu
307 1037 355 1095 tes
374 1036 513 1112 parents,
536 1032 642 1096 dit-on
660 1035 680 1096 a
698 1033 780 1096 saint
798 1027 904 1097 Pierre
925 1032 1084 1095 Balsama?

115 1185 153 1205 ·-
163 1157 201 1220 Je
212 1158 286 1219 n’en
301 1156 331 1217 ai
346 1156 447 1234 point.
462 1159 557 1219 -Tu
571 1175 672 1232 mens,
689 1158 871 1237 poursnitle
881 1159 968 1238 juge,
981 1176 1084 1220 aaron

116 1278 179 1343 m’a
194 1278 243 1342 dit
254 1293 316 1361 que
332 1285 388 1342 ton
401 1282 477 1360 pere
490 1285 522 1342 et
536 1284 569 1342 ta
581 1280 669 1344 mere
684 1280 827 1344 existent.
839 1314 878 1328 -
891 1266 1082 1362 L’livangiie

116 1400 260 1485 neptique
274 1405 304 1467 le
319 1402 411 1482 saint,
430 1398 617 1468 m’ordonne
634 1406 673 1467 de
687 1409 757 1469 tout
769 1406 873 1469 renier
885 1407 905 1469 a
916 1407 1034 1470 l'heure
1045 1406 1084 1468 de

115 1529 147 1592 le
159 1526 369 1593 confessioni.
384 1547 399 1589 a

157 1652 246 1717 Saint
259 1655 378 1718 Lucien
392 1653 514 1733 repond
532 1650 571 1717 de
585 1647 721 1733 meme³‚
739 1654 822 1718 aussi
836 1655 917 1720 saint
936 1651 1081 1732 Hierax⁴‚

119 1778 201 1842 saint
216 1778 353 1843 vincent
368 1780 489 1860 d’Agen
503 1772 527 1856 ⁵,
545 1778 626 1841 saint
642 1772 761 1856 hendo,
777 1782 856 1844 dont
869 1780 899 1842 le
913 1782 989 1860 pere
1003 1783 1035 1843 et
1055 1778 1085 1841 la

63 1945 64 1949 =
119 1901 207 1969 mere
231 1905 354 1968 avaient
377 1901 516 1968 entendu
536 1903 565 1967 lo
588 1904 728 1983 premier
748 1900 998 1984 interrogatoire.
1018 1903 1084 1966 ‹rJe

151 2227 161 2264 ¹
178 2225 266 2280 naeth.
278 2237 305 2288 x,
321 2225 359 2287 Ι8,
375 2226 414 2288 Ι9,
429 2225 469 2274 20.

150 2308 162 2342 ¹
179 2324 193 2355 «
204 2308 295 2356 Praeses
305 2304 364 2354 dixit
375 2319 381 2353 :
392 2302 507 2354 Parentes
517 2300 610 2353 habes‘i
619 2298 705 2354 Petrus
717 2300 838 2368 respondit
849 2304 919 2353 :Non
928 2301 1014 2352 habeo.
1025 2302 1087 2354 Prae-

123 2405 138 2435 u
151 2403 188 2437 ses
201 2387 278 2437 dixit:
290 2385 409 2449 Mentiris,
424 2384 504 2434 audiri
516 2385 580 2434 enim
589 2391 613 2435 te
622 2384 710 2434 habere
719 2391 840 2449 parentes.
850 2385 936 2435 Petms
946 2383 1086 2448 respondit:

124 2483 139 2515 a
154 2468 182 2516 ln
197 2465 328 2528 Evangelio
343 2465 404 2515 mihi
418 2470 562 2529 praeceptum
575 2471 612 2514 est
625 2465 706 2514 omnia
721 2463 851 2527 denegare,
868 2463 967 2512 eumad
983 2463 1087 2512 nominis
1162 2518 1167 2532 ¹

123 2563 137 2593 «
152 2545 275 2610 christiani
290 2559 378 2596 renero
389 2545 569 2596 confessionem.
580 2561 594 2592 »
605 2544 724 2610 (Ruinart,
736 2544 798 2594 Acin
808 2545 915 2606 sincera,
926 2542 965 2592 ed.
976 2543 1006 2593 de
1016 2545 1086 2605 rna,

122 2640 147 2690 p.
160 2625 225 2690 502.)

152 2707 163 2742 θ
179 2707 228 2758 Καὶ
238 2705 347 2768 λέγοντος
355 2703 397 2754 τοῦ
407 2704 535 2769 dupino...
547 2704 611 2762 τίνας
620 2703 750 2771 προγόνους
764 2704 854 2770 (ἔχεις),
866 2705 880 2753 ὁ
890 2704 916 2753 δὲ
925 2703 984 2769 πρὸς
996 2704 1088 2753 ἅπαντα

122 2784 212 2851 ἔλεγεν,
224 2785 259 2836 ὅτι
268 2784 390 2852 χριςιανὸς
403 2788 461 2850 εἰμι.
474 2784 511 2850 (S.
524 2785 659 2850 chrysost,
672 2788 745 2836 Hom.
759 2796 829 2848 xnus,
844 2785 859 2849 ἓ
873 2786 895 2846 3,
912 2790 931 2834 t.
946 2784 966 2848 Ι,
982 2798 1006 2848 p.
1022 2781 1087 2846 528.)

185 2883 199 2914 «
212 2866 329 2927 Quaesivit
342 2866 468 2930 prefectus
477 2871 502 2916 et
513 2866 543 2915 ab
554 2866 655 2916 Hieraee
664 2865 765 2915 ubinam
775 2865 883 2928 gentium
895 2870 974 2914 essent
983 2865 1034 2928 ejus
1045 2878 1088 2927 pa·

125 2963 139 2995 a
153 2952 240 2996 rentes.
253 2946 298 2998 Cui
311 2945 434 3010 respondit
445 2947 533 2996 Hierax
544 2961 550 2995 :
561 2947 640 2995 Verus
652 2950 812 3011 paternoster
824 2945 933 2994 Christus
945 2950 988 3004 est,
1000 2949 1025 2992 et
1036 2957 1088 2991 ma·

125 3043 140 3074 u
153 3032 190 3076 ter
205 3025 284 3090 Fides,
300 3042 348 3091 qna
361 3027 386 3075 in
401 3026 480 3090 ipsum
492 3025 621 3076 oredimus.
636 3025 733 3076 Terreni
745 3039 801 3074 varo
815 3029 925 3088 parentes
939 3023 988 3072 mei
1002 3021 1089 3071 mortui

126 3123 141 3154 a
154 3112 218 3156 sunt.
230 3121 244 3152 u
259 3105 329 3169 (Aeta
344 3107 371 3158 S.
386 3107 488 3170 Justim',
503 3106 517 3170 ἓ
532 3106 576 3168 ΙΙΙ,
588 3104 647 3154 dans
660 3104 769 3167 Ruinart,
784 3104 847 3153 Acta
858 3104 965 3164 sincera,
977 3117 1003 3166 p.
1018 3101 1068 3164 59.)

155 3186 166 3221 Ι
183 3203 197 3233 «
212 3184 319 3236 Subinde
335 3200 422 3250 prasses
440 3185 550 3235 notitiam
569 3185 673 3235 nominis
687 3190 711 3234 et
724 3184 807 3249 patriai
825 3199 852 3233 ac
868 3182 962 3244 generis
976 3180 1088 3245 exquirit,

125 3283 140 3314 a
153 3265 237 3316 relicto
252 3263 318 3314 cuitu
329 3265 464 3314 christianas
476 3265 598 3328 religionis
599 3301 649 3316 .....
665 3267 739 3329 Cujus
754 3265 828 3314 verba
844 3263 935 3312 athleta
946 3261 1035 3311 Christi
1047 3260 1090 3310 de-

125 3363 140 3395 u
154 3345 265 3411 spiciens,
277 3359 354 3408 mnus
365 3359 392 3394 ae
404 3345 506 3410 patriam
516 3345 580 3410 quod
589 3346 634 3394 sihi
645 3346 791 3410 superfluum
799 3344 924 3394 videbatur
935 3347 1087 3406 postponens,

126 3444 140 3475 a
154 3441 180 3475 se
189 3423 344 3475 vincentium
357 3423 453 3473 nomine
467 3425 512 3474 etsi
526 3425 652 3487 indignum
666 3424 755 3476 Christi
768 3431 850 3474 tamen
863 3421 980 3473 famulum
994 3437 1021 3471 ac
1033 3420 1090 3470 levi-

126 3522 140 3554 «
154 3511 205 3555 tam
217 3520 279 3568 esse,
290 3511 417 3570 conspectu
431 3504 537 3554 omnium
547 3504 611 3556 nulio
622 3510 689 3555 metu
700 3505 797 3555 territus
809 3519 856 3553 non
865 3507 941 3554 cessat
952 3502 1064 3552 ciamare.
1074 3518 1089 3548 »

124 3585 197 3648 (Acta
212 3586 240 3636 S.
256 3585 377 3636 Vincentiz'
388 3584 548 3650 Apianensis,
562 3600 595 3634 ea
607 3585 719 3650 antiquas
732 3583 877 3634 lectionibus
888 3583 1005 3634 Ecclesiae
1013 3583 1091 3646 Apia-

106 3663 206 3726 nemas,
218 3662 343 3732 Beliand,
359 3671 376 3720 t.
393 3665 427 3732 ΙΙ,
440 3667 506 3732 jem,
519 3680 545 3732 p.
559 3663 625 3731 td'i.)
