2416 3990
1097 130 1120 171 ἢ

179 260 224 310 150
598 253 735 305 danunt

178 380 351 467 colognei,
364 389 445 450 dont
454 388 487 467 je
500 387 588 450 viens
604 388 644 449 de
658 386 827 472 transcrire
838 385 882 447 les
893 384 1034 447 derniers
1048 390 1146 460 mots,

179 508 325 589 presente
339 510 370 572 13
392 510 527 573 formale
551 513 724 572 courante:
745 528 760 568 1
773 508 892 599 sociata
907 507 1110 589 martyribus.
1128 528 1144 567 n

178 633 307 712 D’eprts
322 632 400 713 l'tge
410 649 561 694 commun
575 633 630 693 des
644 632 785 694 marbres
799 600 838 694 de
852 631 883 692 13
897 629 1057 705 eontrte²‚
1076 635 1108 692 et
1122 628 1149 709 si

178 757 243 818 l'on
258 757 385 819 s’arrtte
402 756 561 818 d'ailleurs
575 754 616 816 ici
635 756 653 815 3
676 757 706 817 13
718 756 819 818 forme
836 757 879 817 du
894 771 1147 832 monogramme,

179 895 220 941 au
234 880 341 942 detaut
355 880 394 940 de
409 879 551 942 mention
566 881 609 941 du
620 877 693 957 jour
711 880 752 941 de
771 880 801 939 13
820 885 903 941 mort
914 878 935 954 ³,
956 880 978 940 il
1001 884 1049 941 est
1062 878 1151 939 diffl-

180 1002 240 1066 cile
263 1003 303 1065 de
318 1002 396 1065 faire
415 1004 589 1066 descendre
611 1008 692 1066 cette
713 1001 900 1080 inscription
914 1003 932 1064 3
946 1019 1008 1063 une
1021 1002 1149 1080 tpoque

181 1126 251 1206 plus
266 1126 358 1187 basse
373 1142 435 1204 que
449 1125 494 1186 les
513 1125 674 1187 dernieres
686 1125 801 1186 enntes
820 1126 863 1187 du
877 1132 908 1186 ν’
922 1125 1029 1187 siecle.
1049 1125 1150 1187 Ante·

181 1251 285 1312 rieure
299 1267 339 1311 au
352 1253 437 1311 texte
452 1250 491 1310 de
505 1248 653 1326 Gregoire
668 1250 708 1310 de
721 1249 831 1325 Tours,
844 1248 903 1310 elle
913 1248 1038 1311 devient
1052 1249 1145 1324 ainsi,

151 1344 155 1350 ι
181 1391 262 1451 pour
283 1391 374 1446 nous,
397 1374 427 1435 13
447 1373 587 1451 premier
606 1389 728 1434 anneau
751 1372 844 1433 d’une
862 1370 1014 1433 tradition
1032 1370 1087 1451 qui
1108 1388 1148 1432 ne

182 1495 352 1558 remontait
371 1497 444 1574 qu’d
464 1502 555 1558 notre
576 1495 658 1558 saint
678 1497 807 1574 aveque,
824 1502 855 1558 et
868 1501 1000 1574 apperte
1013 1514 1055 1557 un
1071 1513 1149 1558 nou·

182 1619 231 1681 vel
243 1617 381 1681 clement
396 1619 435 1680 de
450 1636 565 1697 preuve
578 1620 598 1680 3
612 1617 767 1681 l'histoire
786 1621 826 1681 de
844 1619 980 1698 Colognc
997 1624 1027 1681 et
1044 1620 1083 1680 de
1098 1635 1148 1680 ses

182 1746 327 1820 martyrs.

220 1864 269 1926 Un
284 1864 521 1944 enseignement
532 1865 637 1927 fourni
651 1884 708 1944 par
723 1867 768 1928 les
780 1865 904 1928 fouilles
918 1867 958 1928 de
976 1819 1095 1944 l’tgiise
1109 1864 1150 1925 de

182 1986 444 2084 Setini-Pierio,d
468 1988 599 2065 Vienne,
627 1990 694 2054 doit
715 1993 781 2052 3113
805 1989 947 2052 recueilli
964 1994 996 2052 et
1016 1987 1149 2068 signare.

181 2113 262 2174 Tout
275 2112 306 2174 le
319 2114 365 2174 sol
381 2115 420 2175 de
435 2130 471 2174 ee
484 2112 658 2176 sanctuaire
674 2111 748 2174 dtait
762 2111 939 2190 egolement
957 2110 1078 2189 occupt
1092 2128 1152 2189 par

116 2238 118 2241 ’
182 2234 238 2296 des
262 2234 453 2312 sepultures3
482 2236 561 2296 mais
583 2235 818 2313 celles-ci,plus
834 2234 954 2296 serrtes
978 2235 996 2296 3
1022 2251 1150 2295 mesure

181 2356 311 2435 qu’elles
335 2358 588 2436 s’approchaient
610 2359 649 2421 de
673 2357 779 2420 l'autel
794 2363 826 2420 et
849 2357 1020 2441 s’etageant
1044 2361 1151 2418 meme

183 2481 261 2542 dans
275 2480 303 2541 13
319 2482 430 2542 choeur
445 2499 498 2541 sur
511 2482 593 2543 deux
607 2487 638 2544 31
652 2500 705 2543 sur
721 2483 799 2543 trois
823 2499 926 2561 rangs,
945 2481 1064 2543 etaient
1077 2479 1151 2558 plns

183 2620 268 2665 rares
283 2621 352 2666 vers
364 2603 505 2666 l'entree.
519 2603 604 2665 Ainsi
622 2604 762 2666 devait-il
775 2623 814 2666 en
827 2607 893 2667 etro
917 2602 1048 2665 d’abord
1064 2605 1104 2665 de
1119 2604 1152 2664 13

184 2725 283 2804 petite
299 2726 455 2806 basi-lique
471 2729 510 2789 de
525 2727 680 2790 Toulouse
694 2747 755 2808 que
770 2729 815 2791 133
831 2727 954 2791 tombes
966 2729 985 2788 3
998 2729 1027 2788 13
1037 2728 1080 2787 fln
1092 2744 1154 2788 en-

183 2849 328 2913 vehirent
351 2855 420 2914 tout
444 2851 563 2914 3111313
575 2851 599 2914 ⁴.
616 2854 656 2914 Le
680 2853 737 2914 fait
761 2852 903 2915 constate
926 2869 1005 2929 pour
1029 2850 1153 2928 l’tglise

184 3124 296 3174 nonem.
309 3137 391 3187 pem.
406 3123 464 3173 hist.
477 3126 574 3189 scrzpt,
590 3130 609 3173 t.
624 3125 690 3186 Vlii,
706 3138 730 3188 p.
746 3124 801 3188 151)
817 3141 823 3174 ι
840 3140 854 3170 a
868 3125 919 3173 Hoc
934 3124 997 3173 idem
1011 3122 1153 3187 capitolium

185 3219 199 3250 a
213 3208 294 3266 postea
308 3202 460 3251 inhonorem
473 3202 518 3251 Dei
531 3203 659 3264 genetricis
671 3218 813 3267 semperque
825 3203 923 3264 virginis
936 3204 1019 3252 Mariae
1032 3209 1069 3252 est
1082 3203 1153 3253 dedi-

186 3298 200 3328 «
214 3286 301 3341 catum,
318 3287 342 3330 et
354 3282 404 3344 ipse
416 3279 489 3341 locus,
505 3279 535 3330 ob
550 3281 690 3330 memoriam
702 3283 841 3345 Martyrum,
853 3281 914 3330 litus
925 3281 961 3330 ad
972 3282 1092 3330 Mortires
1106 3297 1153 3331 no-

186 3377 200 3408 «
214 3374 269 3409 men
284 3360 386 3423 accepit.
402 3376 415 3406 n
429 3360 467 3409 Gi.
480 3360 601 3421 Gelenius,
616 3361 652 3410 De
666 3361 772 3424 mapoit.
788 3360 904 3421 Colom'oe,
921 3376 944 3423 p.
960 3362 1015 3409 258.

217 3441 226 3474 ¹
242 3440 263 3488 Ι.
278 3440 306 3489 0.
321 3440 361 3500 G,
375 3440 469 3490 110354.
483 3466 513 3477 -
526 3441 537 3474 ²
553 3440 613 3488 Voir
624 3439 747 3503 ei-dessus,
759 3454 783 3503 p.
796 3441 838 3489 tot
848 3445 873 3489 31
883 3440 1013 3490 3111131133,
1024 3441 1075 3476 -3
1092 3441 1154 3490 Voir

185 3517 312 3580 ci-dessus,
328 3534 352 3582 p.
368 3521 397 3569 12
412 3523 436 3566 et
448 3518 488 3567 12.
915 3568 919 3575 ,

216 3596 228 3632 ⁸
243 3599 329 3648 Passio
338 3600 367 3649 S.
380 3599 495 3660 saturn,
506 3597 521 3662 ξ
533 3598 567 3647 vl
581 3597 652 3662 (Acta
663 3600 734 3674 siae,
750 3613 775 3662 p.
791 3598 845 3662 132)
859 3612 865 3647 :
877 3614 891 3646 «
905 3597 1050 3648 Procedente
1065 3597 1154 3648 dehinc
